<?xml version="1.0" encoding="UTF-8"?><collection xmlns="http://www.loc.gov/MARC21/slim"><record><leader>00603nam--2200169-i-4500</leader><controlfield tag="001">000013045</controlfield><controlfield tag="002">20161230</controlfield><controlfield tag="005">20161230201030</controlfield><controlfield tag="008">060222s1000------------r-----000-0-eng-d</controlfield><datafield ind1=" " ind2=" " tag="040"><subfield code="a">IFIN-HH</subfield></datafield><datafield ind1=" " ind2=" " tag="080"><subfield code="a">539.124.143(043)</subfield></datafield><datafield ind1="1" ind2=" " tag="100"><subfield code="a">Bruno, Gerald Vincent</subfield></datafield><datafield ind1="1" ind2="0" tag="245"><subfield code="a">Application of the stochastic liouville method in calculating esr line shapes in the slow tumbling region and an esr-eldor study of exchange</subfield><subfield code="b">Dissertation</subfield><subfield code="c">Gerald vincent bruno</subfield></datafield><datafield ind1=" " ind2=" " tag="260"><subfield code="a">Ann Arbor, Michigan</subfield><subfield code="b">University Microfilms</subfield><subfield code="c">1979</subfield></datafield><datafield ind1=" " ind2=" " tag="300"><subfield code="a">XVII + 618 P</subfield></datafield><datafield ind1=" " ind2=" " tag="852"><subfield code="a">46731</subfield><subfield code="c">539.143.43</subfield></datafield><datafield ind1=" " ind2=" " tag="CAT"><subfield code="a">Sys</subfield><subfield code="c">20120510</subfield><subfield code="h">144151</subfield></datafield></record></collection>